<record><leader>00000cas a22000007a 4500</leader><controlfield tag="001">21984496</controlfield><controlfield tag="008">900710d19531980arudn ne      0    0eng d</controlfield><datafield ind1=" " ind2=" " tag="010"><subfield code="a">sn 90050242 </subfield></datafield><datafield ind1=" " ind2=" " tag="040"><subfield code="a">ANU</subfield><subfield code="b">eng</subfield><subfield code="c">ANU</subfield><subfield code="d">OCLCQ</subfield></datafield><datafield ind1=" " ind2=" " tag="042"><subfield code="a">msc</subfield></datafield><datafield ind1="0" ind2=" " tag="130"><subfield code="a">Daily leader (Stuttgart, Ark. : 1953)</subfield></datafield><datafield ind1="1" ind2="4" tag="245"><subfield code="a">The Daily leader.</subfield></datafield><datafield ind1="1" ind2="3" tag="246"><subfield code="a">Daily leader and Arkansawyer</subfield><subfield code="f">May 14, 1953-Aug. 14, 1973</subfield></datafield><datafield ind1="1" ind2="7" tag="246"><subfield code="a">Stuttgart daily leader</subfield><subfield code="f">Oct. 19, 1962-July 25, 1980</subfield></datafield><datafield ind1=" " ind2=" " tag="260"><subfield code="a">Stuttgart, Ark. :</subfield><subfield code="b">Daily Leader Co.</subfield></datafield><datafield ind1=" " ind2=" " tag="300"><subfield code="a">v.</subfield></datafield><datafield ind1=" " ind2=" " tag="310"><subfield code="a">Daily (except Saturday and Sunday),</subfield><subfield code="b">Aug. 6, 1973-July 25, 1980</subfield></datafield><datafield ind1=" " ind2=" " tag="321"><subfield code="a">Daily (except Sunday),</subfield><subfield code="b">May 14, 1953-Aug. 4, 1973</subfield></datafield><datafield ind1="0" ind2=" " tag="362"><subfield code="a">Vol. 66, no. 229 (May 14, 1953)-v. 96, no. 244 (July 25, 1980).</subfield></datafield><datafield ind1=" " ind2=" " tag="752"><subfield code="a">United States</subfield><subfield code="b">Arkansas</subfield><subfield code="c">Arkansas</subfield><subfield code="d">Stuttgart.</subfield></datafield><datafield ind1="0" ind2="0" tag="780"><subfield code="t">Daily leader and Arkansawyer</subfield><subfield code="w">(DLC)sn 89051361</subfield></datafield><datafield ind1="0" ind2="0" tag="785"><subfield code="t">Stuttgart daily leader (Stuttgart, Ark. : 1980)</subfield><subfield code="w">(DLC)sn 90050240</subfield></datafield></record>